@misc{topfive,
    author={Barak Perelman},
    title={The Top 5 Security Threats \& Mitigations for Inudstrial Networks},
    journal={darkreading.com},
    url={https://www.darkreading.com/endpoint/the-top-5-security-threats-and-mitigations-for-industrial-networks-/a/d-id/1332816},
    year={2018},
    month={September},
}

@misc{yacht,
    author={Juha Saarinen},
    title={Students hijack luxury yacht with GPS spoofing},
    journal={itnews.com.au},
    url={https://www.itnews.com.au/news/students-hijack-luxury-yacht-with-gps-spoofing-351659},
    year={2013},
    month={July},
}

@techreport{ibm,
    author={Ponemon Institute LLC},
    title={2018 Cost of a Data Breach Study: Global Overview},
    institution={IBM Security},
    year={2018},
}

@techreport{ca,
    author={Holger Schulze},
    title={Insider Threat: 2018 report},
    institution={ca technologies},
    year={2018},
}

@techreport{kapersky,
    author={Kapersky},
    title={Threat landscape for industrial automation systems: H1 2019},
    institution={ca technologies},
    year={2019},
}

@techreport{thales,
    author={Thales},
    title={The Changing Face of Data Security},
    institution={Thales},
    year={2019},
}

@misc{stuxnet,
    author={David Kushner},
    title={The Real Story of Stuxnet},
    journal={IEEE Spectrum},
    url={https://spectrum.ieee.org/telecom/security/the-real-story-of-stuxnet},
    year={2013},
    month={February},
}

@misc{scada,
    author={Eric J. Byres and Matthew Franz and Darrin Miller},
    title={The Use of Attack Trees in Assessing Vulnerabilities in SCADA Systems},
    journal={researchgate.net},
    url={https://www.researchgate.net/publication/228952316},
    year={2004},
    month={January},
}

@misc{shaky,
    author={Eric J. Byres and Nate Kube and Dan Hoffman},
    title={On Shaky Ground - A study of security vulnerabilities in control protocols},
    journal={researchgate.net},
    url={https://www.researchgate.net/publication/228358739},
    year={2006},
}

@misc{telnet,
    author={Brian Stewart},
    title={TCP Port 23},
    url={https://www.giac.org/paper/gcih/328/tcp-port-23/103233},
    year={2002}
}

@misc{rc4,
    author={Scott Fluhrer and Itsik Mantin and Adi Shamir},
    title={Weaknesses in the Key Scheduling Algorithm of RC4},
    journal={Selected Areas of Cryptography},
    year={2001}
}

@misc{fbi,
    author={George Ou},
    title={FBI demonstrates 3 minute Wi-Fi hack},
    journal={ZDNet},
    url={https://www.zdnet.com/article/fbi-demonstrates-3-minute-wi-fi-hack/},
    year={2005},
}

@misc{xkcd,
    author={Bruce Schneier},
    title={Choosing Secure Passwords},
    journal={Schneier on Security},
    year={2014},
    month={March}
}

@misc{forbes,
    author={PJ Kirner},
    title={An Attacker's Paradise: How To Mitigate Risk In A Flat Network},
    journal={Forbes},
    url={https://www.forbes.com/sites/forbestechcouncil/2019/03/28/an-attackers-paradise-how-to-mitigate-risk-in-a-flat-network},
    year={2019},
    month={March},
}

@misc{windowsxp,
    title={Support for Windows XP ended},
    url={https://www.microsoft.com/en-us/microsoft-365/windows/end-of-windows-xp-support}
}

@techreport{ssh,
    author={D. Bider},
    title={Extension Negotiation in the Secure Shell (SSH) Protocol},
    howpublished={Internet Requests for Comments},
    type={RFC},
    number=8308,
    year={2018},
    month={March},
    issn={2070-1721},
    publisher={RFC Editor},
    url={https://tools.ietf.org/rfc/rfc8308.txt}
}
